@article{Cui_2019Survey,
title={A Survey on Network Embedding},
volume={31},
ISSN={2326-3865},
url={http://dx.doi.org/10.1109/TKDE.2018.2849727},
DOI={10.1109/tkde.2018.2849727},
number={5},
journal={IEEE Transactions on Knowledge and Data Engineering},
publisher={Institute of Electrical and Electronics Engineers (IEEE)},
author={Cui, Peng and Wang, Xiao and Pei, Jian and Zhu, Wenwu},
year={2019},
month={May},
pages={833–852}
}

@misc{chami2020machine,
title={Machine Learning on Graphs: A Model and Comprehensive Taxonomy},
author={Ines Chami and Sami Abu-El-Haija and Bryan Perozzi and Christopher Ré and Kevin Murphy},
year={2020},
eprint={2005.03675},
archivePrefix={arXiv},
primaryClass={cs.LG}
}

@article{Grover_2016,
title={node2vec},
ISBN={9781450342322},
url={http://dx.doi.org/10.1145/2939672.2939754},
DOI={10.1145/2939672.2939754},
journal={Proceedings of the 22nd ACM SIGKDD International Conference on Knowledge Discovery and Data Mining},
publisher={ACM},
author={Grover, Aditya and Leskovec, Jure},
year={2016},
month={Aug}
}

@article{Perozzi_2014,
title={DeepWalk},
ISBN={9781450329569},
url={http://dx.doi.org/10.1145/2623330.2623732},
DOI={10.1145/2623330.2623732},
journal={Proceedings of the 20th ACM SIGKDD international conference on Knowledge discovery and data mining - KDD ’14},
publisher={ACM Press},
author={Perozzi, Bryan and Al-Rfou, Rami and Skiena, Steven},
year={2014}
}

@inproceedings{Kim2018_SIDE,
author = {Kim, Junghwan and Park, Haekyu and Lee, Ji-Eun and Kang, U},
title = {SIDE: Representation Learning in Signed Directed Networks},
year = {2018},
isbn = {9781450356398},
publisher = {International World Wide Web Conferences Steering Committee},
address = {Republic and Canton of Geneva, CHE},
url = {https://doi.org/10.1145/3178876.3186117},
doi = {10.1145/3178876.3186117},
booktitle = {Proceedings of the 2018 World Wide Web Conference},
pages = {509–518},
numpages = {10},
keywords = {network embedding, signed directed network, representation learning},
location = {Lyon, France},
series = {WWW ’18}
}

@inproceedings{Chen2018_BESIDE,
author = {Chen, Yiqi and Qian, Tieyun and Liu, Huan and Sun, Ke},
title = {“Bridge”: Enhanced Signed Directed Network Embedding},
year = {2018},
isbn = {9781450360142},
publisher = {Association for Computing Machinery},
address = {New York, NY, USA},
url = {https://doi.org/10.1145/3269206.3271738},
doi = {10.1145/3269206.3271738},
booktitle = {Proceedings of the 27th ACM International Conference on Information and Knowledge Management},
pages = {773–782},
numpages = {10},
keywords = {status theory, signed directed network embedding, balance theory},
location = {Torino, Italy},
series = {CIKM ’18}
}

@article{Islam_2018_sign2vec,
title={SIGNet: Scalable Embeddings for Signed Networks},
ISBN={9783319930374},
ISSN={1611-3349},
url={http://dx.doi.org/10.1007/978-3-319-93037-4_13},
DOI={10.1007/978-3-319-93037-4_13},
journal={Lecture Notes in Computer Science},
publisher={Springer International Publishing},
author={Islam, Mohammad Raihanul and Aditya Prakash, B. and Ramakrishnan, Naren},
year={2018},
pages={157–169}
}

@inproceedings{Javari20200_ROSE,
title={ROSE: Role-based Signed Network Embedding},
author={Javari, Amin and Derr, Tyler and Esmailian, Pouya and Tang, Jiliang and Chang, Kevin Chen-Chuan},
booktitle={Proceedings of The Web Conference 2020},
pages={2782--2788},
year={2020}
}

@misc{wolfram2020class,
    title={A Class of Models with the Potential to Represent Fundamental Physics},
    author={Stephen Wolfram},
    year={2020},
    eprint={2004.08210},
    archivePrefix={arXiv},
    primaryClass={cs.DM}
}

@inproceedings{mikolov2013distributed,
  title={Distributed representations of words and phrases and their compositionality},
  author={Mikolov, Tomas and Sutskever, Ilya and Chen, Kai and Corrado, Greg S and Dean, Jeff},
  booktitle={Advances in neural information processing systems},
  pages={3111--3119},
  year={2013}
}

@misc{Leskovec2018cs224w,
 title={Analysis of Network Course},
 author={Leskovec, Jure},
 url={http://snap.stanford.edu/class/cs224w-2018/},
 year={2018},
 journal={CS224W Analysis of Networks Mining and Learnig with Graphs}
}

@inproceedings{Wang2017SiNE,
title = "Signed network embedding in social media",
author = "Suhang Wang and Jiliang Tang and Charu Aggarwal and Yi Chang and Huan Liu",
year = "2017",
month = jan,
day = "1",
language = "English (US)",
series = "Proceedings of the 17th SIAM International Conference on Data Mining, SDM 2017",
publisher = "Society for Industrial and Applied Mathematics Publications",
pages = "327--335",
editor = "Nitesh Chawla and Wei Wang",
booktitle = "Proceedings of the 17th SIAM International Conference on Data Mining, SDM 2017",
note = "17th SIAM International Conference on Data Mining, SDM 2017 ; Conference date: 27-04-2017 Through 29-04-2017",
}