@inproceedings{Chen13,
author = {J. Chen and N. Cao and B. K. H. Low and R. Ouyang and C. K.-Y. Tan and P. Jaillet},
title = "Parallel {Gaussian} process regression with low-rank covariance matrix approximations",
booktitle = "Proc. UAI",
pages = "152-161",
year = "2013"
}     
@inproceedings{HoangICML19,
  title="Collective Model Fusion for Multiple Black-Box Experts",
  author="Q. M. Hoang and T. N. Hoang and B. K. H. Low and C. Kingsford",
  booktitle="Proc. ICML",
  pages="2742--2750",
  year={2019}
}
@inproceedings{HoangICML16,
  title="A Distributed Variational Inference Framework for Unifying Parallel Sparse {Gaussian} Process Regression Models",
  author="T. N. Hoang and Q. M. Hoang and B. K. H. Low",
  booktitle="Proc. ICML",
  pages="382--391",
  year={2016}
}
@inproceedings{teng20,
   author    = "T. Teng and J. Chen and Y. Zhang and B. K. H. Low",
   title     = "Scalable Variational {Bayesian} Kernel Selection for Sparse {Gaussian} Process Regression",
   booktitle = "Proc. {AAAI}",
   pages = "5997--6004",
   year      = 2020 }
@inproceedings{low15,
   author    = "B. K. H. Low and J. Yu and J. Chen and P. Jaillet",
   title     = "Parallel {Gaussian} Process Regression for Big Data: Low-Rank Representation Meets {M}arkov Approximation",
   booktitle = "Proc. {AAAI}",
   pages = "2821--2827", 
   year      = 2015 }

@inproceedings{LowUAI12,
 title = "Decentralized Data Fusion and Active Sensing with Mobile Sensors for Modeling and Predicting Spatiotemporal Traffic Phenomena",
 author = "J. Chen and B. K. H. Low and C. K.-Y. Tan and A. Oran and P. Jaillet and J. M. Dolan and G. S. Sukhatme",
   booktitle = "Proc. UAI",
   pages     = "163--173",
   year      = 2012
 }
 @inproceedings{LowRSS13,
   author    = "J. Chen and B. K. H. Low and C. K.-Y. Tan",
   title     = "{Gaussian} Process-Based Decentralized Data Fusion and Active Sensing for Mobility-on-Demand System",
   booktitle = "Proc. RSS",
   year      = 2013 }
  @article{LowTASE15,
   author    = "J. Chen and B. K. H. Low and P. Jaillet and Y. Yao",
   title     = "Gaussian Process Decentralized Data Fusion and Active Sensing for Spatiotemporal Traffic Modeling and Prediction in Mobility-on-Demand Systems",
   journal   = "{IEEE} Trans. Autom. Sci. Eng.",
   volume    = 12,
   pages     = "901--921",
   year      = 2015 }  
@inproceedings{NghiaAAAI19,
 author = "T. N. Hoang and Q. M. Hoang and B. K. H. Low and J. P. How",
  title ="Collective Online Learning of {Gaussian} Processes in Massive Multi-Agent Systems",   
     booktitle="Proc. {AAAI}",
     pages = "7850--7857",
  year = 2019       
}   
@inproceedings{LowECML14a,
   author    = "B. K. H. Low and N. Xu and J. Chen and K. K. Lim and E. B. {\"{O}zg\"{u}l}",
   title     = "Generalized Online Sparse {Gaussian} Processes with Application to Persistent Mobile Robot Localization",
   booktitle = "Proc. {ECML/PKDD Nectar Track}",
   pages     = "499-503",
   year      = 2014 }
@inproceedings{MinhAAAI17,
 author = "Q. M. Hoang and T. N. Hoang and B. K. H. Low",
  title ="A Generalized Stochastic Variational {Bayesian} Hyperparameter Learning Framework for Sparse Spectrum {Gaussian} Process Regression",   
     booktitle="Proc. {AAAI}",
     pages = "2007--2014",
  year = 2017       
}
@inproceedings{HaibinAPP,
 title = "Stochastic Variational Inference for {Bayesian} Sparse {Gaussian} Process Regression",
 author = "H. Yu and T. N. Hoang and B. K. H. Low and P. Jaillet",
     booktitle="Proc. {IJCNN}",
 year = {2019}
}
@inproceedings{LowAAAI14,
	author = "N. Xu and B. K. H. Low and J. Chen and K. K. Lim and E. B. {\"{O}zg\"{u}l}",
	title ="{GP-Localize}: Persistent Mobile Robot Localization using Online Sparse {Gaussian} Process Observation Model",   
	booktitle = "Proc. {AAAI}",
	pages = "2585--2592",
	year = {2014}
}
@inproceedings{Ruofei18,
 title = "Gaussian Process Decentralized Data Fusion Meets Transfer Learning in Large-Scale Distributed Cooperative Perception",
 author = "R. Ouyang and B. K. H. Low",
booktitle="Proc. AAAI",
pages = "3876--3883",
 year = {2018}
 }


@inproceedings{cao2015towards,
  title     = "Towards making systems forget with machine unlearning",
  author    = "Y. Cao and J. Yang",
  booktitle = "Proc. {IEEE} S\&P",
  pages     = {463--480},
  year      = {2015}
}


@inproceedings{kwak2017let,
  title     = "Let machines unlearn - {Machine} unlearning and the right to be forgotten",
  author    = "K. Chanhee and L. Junyeong and P. Kyuhong and L. Heeseok",
  booktitle = {AMCIS},
  year      = {2017}
}


@inproceedings{cao2018efficient,
  title     = "Efficient repair of polluted machine learning systems via causal unlearning",
  author    = "Y. Cao and A. F. Yu and A. Aday and E. Stahl and J. Merwine and J. Yang",
  booktitle = "Proceedings of the 2018 on {Asia} conference on computer and communications security",
  pages = {735--747},
  year = {2018}
}


@inproceedings{schelteramnesia,
  title     = "``{Amnesia}'' -- {Towards} machine learning models that can forget user data very fast",
  author    = "S. Schelter",
  booktitle = "Proc. International Workshop on Applied {AI} for Database Systems and Applications",
  year      = {2019}
}


@inproceedings{du2019lifelong,
  title     = "Lifelong anomaly detection through unlearning",
  author    = "M. Du and Z. Chen and C. Liu and R. Oak and D. Song",
  booktitle = "Proc. CCS",
  pages     = {1283--1297},
  year      = {2019}
}


@inproceedings{golatkar2019eternal,
  title   = "Eternal sunshine of the spotless net: {Selective} forgetting in deep neural networks",
  author  = "A. Golatkar and A. Achille and S. Soatto",
  booktitle = "Proc. CVPR",
  year    = {2020}
}


@techreport{bourtoule2019machine,
  title   = "Machine unlearning",
  author  = "L. Bourtoule and V. Chandrasekaran and C. {Choquette-Choo} and H. Jia and A. Travers and B. Zhang and D. Lie and N. Papernot",
  type = "{arXiv:1912.03817}",
  year    = {2019}
}


@inproceedings{ginart2019making,
  title     = "Making {AI} forget you: {Data} deletion in machine learning",
  author    = "A. Ginart and M. Guan and G. Valiant and J. Y. Zou",
  booktitle = "Proc. {NeurIPS}",
  pages     = {3513--3526},
  year      = {2019}
}


@techreport{guo2019certified,
  title   = "Certified data removal from machine learning models",
  author  = "C. Guo and T. Goldstein and A. Hannun and L. {van der Maaten}",
  type = "{arXiv:1911.03030}",
  year    = {2019}
}


@article{garg2020formalizing,
  title   = "Formalizing data deletion in the context of the right to be forgotten",
  author  = "S. Garg and S. Goldwasser and P. N. Vasudevan",
  journal = "{arXiv} preprint {arXiv}:2002.10635",
  year    = {2020}
}


@article{mantelero2013eu,
  title    = "The {EU} proposal for a general data protection regulation and the roots of the `right to be forgotten'",
  author   = "A. Mantelero",
  journal  = "Computer Law \& Security Review",
  volume   = {29},
  number   = {3},
  pages    = {229--235},
  year     = {2013}
}

@article{blei2017variational,
  title     = "Variational inference: {A} review for statisticians",
  author    = "D. M. Blei and A. Kucukelbir and J. D. McAuliffe",
  journal   = "J. {American} Statistical Association",
  volume    = {112},
  number    = {518},
  pages     = {859--877},
  year      = 2017
}


@inproceedings{kingma2016improved,
  title     = "Improved variational inference with inverse autoregressive flow",
  author    = "D. P. Kingma and T. Salimans and R. Jozefowicz and X. Chen and I. Sutskever and M. Welling",
  booktitle = "Proc. {NeurIPS}",
  pages     = {4743--4751},
  year      = 2016
}

@inproceedings{rezende2015variational,
  title   = "Variational inference with normalizing flows",
  author  = "D. J. Rezende and S. Mohamed",
  booktitle = "Proc. {ICML}",
  pages = "1530--1538",
  year    = 2015
}


@inproceedings{hoang2015unifying,
  title = "A unifying framework of anytime sparse {Gaussian} process regression models with stochastic variational inference for big data.",
  author = "T. N. Hoang and Q. M. Hoang and B. K. H. Low",
  booktitle = "Proc. {ICML}",
  pages = "569--578",
  year = 2015
}


@inproceedings{yu19,
  title     = "Implicit posterior variational inference for
deep {Gaussian} processes",
  author    = "H. Yu and Y. Chen and Z. Dai and K. H. Low and P. Jaillet",
  booktitle = "Proc. {NeurIPS}",
  pages = "14475--14486",
  year      = 2019
}

@book{bishop2006pattern,
  title     = "Pattern Recognition and Machine Learning",
  author    = "C. M. Bishop",
  year      = 2006,
  publisher = "Springer"
}


@article{kingma2014adam,
  title   = "Adam: {A} method for stochastic optimization",
  author  = "D. P. Kingma and J. Ba",
  journal = "arXiv preprint {arXiv}:1412.6980",
  year    = 2014
}

@misc{Dua:2019 ,
author = "D. Dua and C. Graff",
year   = "2017",
title  = "{UCI} Machine Learning Repository",
url = "http://archive.ics.uci.edu/ml",
institution = "University of {California}, {Irvine}, School of Information and Computer Sciences" }


@book{rasmussen06,
  title  = "Gaussian Processes for Machine Learning",
  author = "C. E. Rasmussen and C. K. I. Williams",
  year   = 2006,
  publisher = "{MIT} Press"
}


@article{quinonero2005unifying,
	author = "J. {Qui{\~{n}}onero-Candela} and C. E. Rasmussen",
	title = "A Unifying View of Sparse Approximate {Gaussian} Process Regression",
	journal = "JMLR",
	volume = 6,
	pages = "1939--1959",
	year = 2005 }

@inproceedings{papamakarios2017masked,
  title="Masked autoregressive flow for density estimation",
  author="G. Papamakarios and T. Pavlakou and I. Murray",
  booktitle="Proc. {NeurIPS}",
  pages={2338--2347},
  year={2017}
}


@inproceedings{goodfellow2014generative,
  title     = "Generative adversarial nets",
  author    = "I. Goodfellow and J. Pouget-Abadie and M. Mirza and B. Xu and D. Warde-Farley and S. Ozair and A. Courville and Y. Bengio",
  booktitle = "Proc. {NeurIPS}",
  pages     = {2672--2680},
  year      = {2014}
}


@inproceedings{hensman2013gaussian,
  title="Gaussian processes for big data",
  author="J. Hensman and N. Fusi and N. D. Lawrence",
  booktitle="Proc. {UAI}",
  pages = {282--290},
  year={2013}
}


@article{gal2014variational,
  title="Variational inference in sparse {Gaussian} process regression and latent variable models--a gentle tutorial",
  author="Y. Gal and M. {van der Wilk}",
  journal={arXiv preprint arXiv},
  volume={1402},
  year={2014}
}

