@incollection{Sindhwani_lowRank,
title = {Structured Transforms for Small-Footprint Deep Learning},
author = {Sindhwani, Vikas and Sainath, Tara and Kumar, Sanjiv},
booktitle = {Advances in Neural Information Processing Systems 28},
editor = {C. Cortes and N. D. Lawrence and D. D. Lee and M. Sugiyama and R. Garnett},
pages = {3088--3096},
year = {2015},
publisher = {Curran Associates, Inc.},
url = {http://papers.nips.cc/paper/5869-structured-transforms-for-small-footprint-deep-learning.pdf}
}

@inproceedings{Lei_adaptive_dropout,
author = {Ba, Lei Jimmy and Frey, Brendan},
title = {Adaptive Dropout for Training Deep Neural Networks},
year = {2013},
publisher = {Curran Associates Inc.},
address = {Red Hook, NY, USA},
booktitle = {Proceedings of the 26th International Conference on Neural Information Processing Systems - Volume 2},
pages = {3084–3092},
numpages = {9},
location = {Lake Tahoe, Nevada},
series = {NIPS’13}
}
  
